Date,Visitors,Visits,Pageviews,Revenue,GRPSpend,PPCSpend,DisplaySpend,EmailSpend,CompetitorVisits,SocialMentions
1/1/08,1100599,1430780,1650898,12600,118500,1890,1491,1275,1216161,210225
1/2/08,1196844,1555899,1795268,15150,82500,2273,1272,720,1322513,231825
1/3/08,983286,1278272,1474928,11400,159000,1710,1426,660,1086531,190125
1/4/08,1221271,1587654,1831909,13200,153000,1980,1410,750,1349506,232925
1/5/08,1431153,1860499,2146730,14400,123000,2160,1166,555,1581425,276055
1/6/08,1200314,1560409,1800473,11550,138000,1733,1085,713,1326349,234245
1/7/08,1311519,1704975,1967279,12900,124500,1935,1283,660,1449228,256230
1/8/08,2172624,2824404,3258932,25500,148500,3825,1219,728,2400742,428150
1/9/08,1310882,1704148,1966323,14400,135000,2160,1268,773,1448524,257550
1/10/08,1325506,1723158,1988260,13200,133500,1980,1321,480,1464685,258270
1/11/08,1431081,1860402,2146616,15000,123000,2250,1449,735,1581342,280605
1/12/08,979953,1273939,1469929,11100,108000,1665,1434,623,1082847,194760
1/13/08,1320063,1716080,1980094,14250,138000,2138,1246,713,1458670,260310
1/14/08,1203803,1564943,1805704,13200,171000,1980,1334,713,1330201,239250
1/15/08,1409368,1832177,2114053,14550,118500,2183,1018,615,1557353,283530
1/16/08,1420563,1846734,2130846,15450,103500,2318,1020,540,1569723,284375
1/17/08,869120,1129856,1303680,9600,111000,1440,1219,675,960379,175420
1/18/08,1432677,1862481,2149018,14700,129000,2205,1118,690,1583109,285740
1/19/08,1334394,1734710,2001591,12450,153000,1868,1422,623,1474503,264510
1/20/08,1208101,1570530,1812149,14250,121500,2138,1095,758,1334951,243100
1/21/08,1414045,1838255,2121064,14250,129000,2138,1018,788,1562518,288080
1/22/08,1092057,1419673,1638083,12300,111000,1845,1437,698,1206724,222175
1/23/08,980926,1275203,1471387,10800,142500,1620,1037,638,1083923,200385
1/24/08,1305519,1697174,1958279,13500,115500,2025,1498,765,1442598,267810
1/25/08,1314812,1709257,1972220,13800,148500,2070,1022,593,1452869,268530
1/26/08,1086925,1413001,1630388,12450,132000,1868,1252,413,1201052,224325
1/27/08,1322941,1719825,1984411,15150,139500,2273,1491,795,1461849,269850
1/28/08,1517369,1972583,2276054,15750,148500,2363,1151,765,1676693,315735
1/29/08,1298300,1687788,1947448,13950,109500,2093,1370,615,1434620,271410
1/30/08,1422015,1848617,2133021,12750,87000,1913,1317,690,1571325,294840
1/31/08,1516289,1971172,2274430,15300,103500,2295,1352,623,1675496,318465
2/1/08,1084640,1410033,1626962,11850,84000,1778,1041,743,1198530,228075
2/2/08,754960,981448,1132440,8250,108000,1238,1110,675,834231,159950
2/3/08,1531875,1991437,2297812,15900,114000,2385,1064,668,1692723,320635
2/4/08,1423023,1849932,2134537,15300,165000,2295,1064,615,1572441,298610
2/5/08,1195594,1554274,1793393,12300,156000,1845,1140,540,1321132,253330
2/6/08,1412677,1836481,2119018,13800,127500,2070,1304,690,1561009,300170
2/7/08,1316514,1711464,1974768,12450,123000,1868,1035,855,1454747,277830
2/8/08,1323008,1719914,1984515,14850,117000,2228,1307,593,1461924,278550
2/9/08,1298353,1687859,1947531,13500,145500,2025,1270,518,1434681,279270
2/10/08,1410802,1834042,2116203,13350,142500,2003,1372,555,1558935,303355
2/11/08,1190295,1547383,1785445,12300,114000,1845,1310,645,1315277,257345
2/12/08,981891,1276457,1472836,10800,103500,1620,1228,765,1084990,211005
2/13/08,1304746,1696170,1957122,13800,160500,2070,1249,608,1441746,281970
2/14/08,1525827,1983570,2288735,17100,148500,2565,1178,645,1686034,329875
2/15/08,1088650,1415246,1632975,11850,142500,1778,1453,555,1202958,236225
2/16/08,1089914,1416891,1634875,10350,154500,1553,1290,713,1204357,236725
2/17/08,982370,1277083,1473556,11100,129000,1665,1278,578,1085520,213480
2/18/08,1204018,1565221,1806025,12900,129000,1935,1357,743,1330440,261470
2/19/08,1420847,1847102,2131271,15300,175500,2295,1147,660,1570036,309790
2/20/08,984799,1280238,1477198,12150,151500,1823,1433,698,1088202,214965
2/21/08,1194566,1552933,1791850,12900,130500,1935,1261,743,1319995,263285
2/22/08,1202685,1563492,1804028,11100,129000,1665,1302,548,1328969,263890
2/23/08,1420385,1846498,2130578,14250,144000,2138,1149,435,1569526,312650
2/24/08,1196382,1555296,1794571,11550,124500,1733,1421,518,1322001,265210
2/25/08,1310746,1703970,1966119,14850,112500,2228,1138,420,1448375,290010
2/26/08,1319172,1714923,1978757,13200,141000,1980,1141,540,1457686,290730
2/27/08,1533175,1993127,2299765,13950,171000,2093,1121,570,1694160,340095
2/28/08,1200549,1560717,1800825,14850,168000,2228,1224,825,1326607,267905
2/29/08,1092029,1419637,1638042,10950,142500,1643,1408,780,1206691,244075
3/1/08,861922,1120499,1292883,8700,35500,1305,1308,638,952424,195620
3/2/08,962548,1251312,1443823,10350,17500,1553,1295,615,1063615,220455
3/3/08,861817,1120362,1292726,8400,31500,1260,1275,585,952307,196300
3/4/08,969782,1260717,1454674,10800,15250,1620,1118,728,1071610,221220
3/5/08,1058899,1376569,1588350,11400,30250,1710,1119,713,1170083,246275
3/6/08,1367152,1777299,2050730,16500,19750,2475,1237,570,1510704,320905
3/7/08,1272481,1654227,1908724,15600,52000,2340,1260,518,1406091,296970
3/8/08,1165270,1514850,1747904,12750,69000,1913,1078,803,1287623,272855
3/9/08,1177508,1530761,1766263,12300,31000,1845,1440,743,1301146,273460
3/10/08,1161388,1509806,1742085,11700,31500,1755,1458,713,1283334,274065
3/11/08,1283184,1668140,1924780,14550,69250,2183,1360,773,1417917,299670
3/12/08,1286023,1671831,1929034,14250,75000,2138,1206,645,1421054,300390
3/13/08,1266563,1646532,1899847,11400,33750,1710,1180,645,1399552,301110
3/14/08,946887,1230954,1420332,10350,46250,1553,1395,878,1046312,226305
3/15/08,1281486,1665930,1922229,16050,38500,2408,1258,758,1416041,302370
3/16/08,1277884,1661249,1916827,14850,34000,2228,1419,653,1412062,303090
3/17/08,1391137,1808479,2086706,14250,45500,2138,1446,645,1537206,329160
3/18/08,1270915,1652190,1906372,15450,45750,2318,1449,720,1404360,304590
3/19/08,1068953,1389640,1603430,12900,44750,1935,1126,623,1181194,254375
3/20/08,1173178,1525130,1759766,12900,46750,1935,1407,563,1296362,280390
3/21/08,1490545,1937707,2235817,17550,96500,2633,1167,705,1647051,357735
3/22/08,1384759,1800187,2077139,15150,62750,2273,1049,855,1530159,333060
3/23/08,1177219,1530383,1765827,13050,79500,1958,1157,840,1300828,282480
3/24/08,1179656,1533549,1769478,12900,60750,1935,1095,713,1303515,283085
3/25/08,1272615,1654397,1908921,14400,70500,2160,1285,178,1406239,309510
3/26/08,1274676,1657078,1912014,12450,49250,1868,1078,88,1408517,310230
3/27/08,1056389,1373306,1584583,11250,84750,1688,1036,158,1167310,259075
3/28/08,1163887,1513053,1745832,14100,59750,2115,1039,76,1286094,285560
3/29/08,1378373,1791886,2067560,17100,43250,2565,1173,151,1523101,338260
3/30/08,1379916,1793889,2069873,16800,47250,2520,1393,99,1524807,339105
3/31/08,1271432,1652864,1907152,14250,69500,2138,1350,260,1404936,313770
4/1/08,1048398,1362918,1572597,3550,34500,533,1428,345,1158479,262025
4/2/08,736718,957735,1105078,1750,65000,263,1435,155,814074,183715
4/3/08,939668,1221570,1409503,3150,58750,473,1498,158,1038333,236565
4/4/08,1156291,1503178,1734435,1525,43500,229,1327,346,1277701,289685
4/5/08,732132,951771,1098197,3025,55250,454,1165,375,809006,184660
4/6/08,843629,1096718,1265443,1975,59500,296,1268,169,932209,211340
4/7/08,945991,1229789,1418986,5200,43250,780,1373,231,1045321,238140
4/8/08,1262805,1641644,1894208,6900,39500,1035,1066,193,1395400,318150
4/9/08,951967,1237559,1427954,3100,71250,465,1269,170,1051925,239085
4/10/08,1152034,1497644,1728052,3150,39000,473,1123,228,1272998,292765
4/11/08,1365441,1775076,2048162,6925,105750,1039,1338,229,1508812,346775
4/12/08,1259918,1637892,1889878,7500,43500,1125,1307,224,1392208,320850
4/13/08,1065336,1384936,1598003,3375,38750,506,1409,234,1177197,267925
4/14/08,1061611,1380095,1592416,4625,28000,694,1267,483,1173079,268425
4/15/08,955892,1242657,1433835,3850,75750,578,1291,314,1056258,242010
4/16/08,846806,1100847,1270207,3400,42000,510,1045,398,935721,215460
4/17/08,953146,1239091,1429720,4550,50500,683,1492,304,1053226,242775
4/18/08,939915,1221887,1409870,4575,46000,686,1441,353,1038605,243180
4/19/08,1154422,1500748,1731633,4475,53500,671,1062,246,1275635,297770
4/20/08,1266607,1646589,1899912,4675,36000,701,1183,424,1399602,325530
4/21/08,1466773,1906805,2200161,9650,43750,1448,1225,299,1620785,380695
4/22/08,1456837,1893887,2185255,6275,58000,941,1211,216,1609807,381675
4/23/08,1457308,1894504,2185965,7950,42750,1193,1053,236,1610328,382655
4/24/08,1464377,1903690,2196565,6075,91000,911,1016,348,1618137,383635
4/25/08,1454102,1890336,2181155,7050,49750,1058,1322,173,1606785,384615
4/26/08,1375080,1787605,2062621,4925,51500,739,1288,325,1519466,358020
4/27/08,1444482,1877827,2166725,8475,76750,1271,1361,294,1596150,386505
4/28/08,1260151,1638200,1890228,5975,27500,896,1114,218,1392468,332070
4/29/08,1459960,1897946,2189939,4325,43500,649,1095,276,1613256,388325
4/30/08,1468761,1909392,2203143,4725,43500,709,1271,298,1622984,389305
5/1/08,1132831,1472680,1699248,6950,59750,1043,1356,216,1251780,306570
5/2/08,1124855,1462312,1687283,3450,60000,518,1052,198,1242966,307175
5/3/08,1128572,1467145,1692859,6500,43000,975,1369,356,1247074,307780
5/4/08,1019028,1324739,1528544,5875,33750,881,1386,195,1126026,280325
5/5/08,1138075,1479498,1707112,4350,32250,653,1289,529,1257572,308935
5/6/08,1131407,1470829,1697110,5525,47750,829,1394,218,1250205,309540
5/7/08,1133068,1472988,1699602,5950,58750,893,1167,194,1252040,310145
5/8/08,1333584,1733663,2000382,4325,35500,649,1441,140,1473614,367315
5/9/08,816698,1061709,1225049,3950,67250,593,1447,379,902452,226460
5/10/08,1240353,1612457,1860528,7125,44500,1069,1369,210,1370589,340290
5/11/08,1135191,1475747,1702786,3900,57000,585,1017,253,1254383,312565
5/12/08,1344458,1747796,2016688,10575,69250,1586,1254,230,1485627,370175
5/13/08,1132223,1471889,1698333,4350,69750,653,1063,268,1251105,313885
5/14/08,1129793,1468729,1694686,3875,65250,581,1047,180,1248419,314490
5/15/08,728319,946816,1092479,2800,60250,420,1485,219,804792,200445
5/16/08,1335038,1735551,2002558,7575,17000,1136,1127,290,1475217,372905
5/17/08,1232195,1601854,1848295,4200,37750,630,1231,214,1361576,344970
5/18/08,1029336,1338138,1544004,5050,17500,758,1380,455,1137414,288025
5/19/08,1135426,1476051,1703137,4600,22250,690,1027,249,1254643,317405
5/20/08,1131858,1471415,1697787,5350,94500,803,1189,258,1250704,318010
5/21/08,1029648,1338541,1544470,3600,56500,540,1203,384,1137758,289625
5/22/08,825131,1072669,1237697,4375,56750,656,1266,138,911769,232060
5/23/08,1027290,1335477,1540937,5800,74250,870,1490,218,1135156,290525
5/24/08,1023381,1330395,1535071,4275,50000,641,1184,218,1130836,291025
5/25/08,1130678,1469883,1696018,9100,43750,1365,1355,299,1249401,320705
5/26/08,1130442,1469575,1695661,4975,84000,746,1151,300,1249136,321310
5/27/08,1125633,1463324,1688450,5150,59750,773,1411,215,1243824,321915
5/28/08,1223112,1590044,1834666,7675,46000,1151,1020,169,1351539,351870
5/29/08,1136646,1477640,1704968,2750,82000,413,1377,161,1255994,323180
5/30/08,1239517,1611370,1859272,4350,66000,653,1289,239,1369666,353250
5/31/08,1046803,1360845,1570207,4350,10750,653,1352,294,1156719,294925
6/1/08,1314472,1708812,1971708,5975,7500,896,1476,178,1452490,384150
6/2/08,1242810,1615654,1864214,6000,7250,900,1261,336,1373305,355350
6/3/08,1032786,1342624,1549178,4300,7500,645,1314,223,1141228,296675
6/4/08,934625,1215013,1401938,3375,7750,506,1426,285,1032762,267435
6/5/08,1227919,1596293,1841876,3225,6500,484,1249,346,1356848,357210
6/6/08,1123330,1460329,1684995,4775,8250,716,1127,349,1241281,328075
6/7/08,1040243,1352314,1560365,5875,7250,881,1084,326,1149468,298775
6/8/08,1138825,1480472,1708237,3550,8750,533,1065,301,1258401,329230
6/9/08,1331053,1730370,1996581,6725,7500,1009,1028,85,1470813,389870
6/10/08,1128198,1466655,1692294,4450,6250,668,1461,189,1246657,330550
6/11/08,1347871,1752230,2021806,5700,8000,855,1353,88,1489398,391430
6/12/08,1112894,1446761,1669339,6925,9500,1039,1370,111,1229747,331870
6/13/08,1135948,1476734,1703922,6975,8750,1046,1262,473,1255224,332475
6/14/08,1126845,1464901,1690271,6525,8250,979,1445,283,1245165,333080
6/15/08,1335443,1736078,2003169,6025,7500,904,1384,284,1475665,394420
6/16/08,921026,1197332,1381538,1700,6000,255,1246,371,1017733,273555
6/17/08,1020580,1326754,1530874,3775,8750,566,1295,250,1127741,304425
6/18/08,829431,1078260,1244148,1750,10500,263,1371,219,916522,243900
6/19/08,936580,1217555,1404870,2225,7500,334,1008,420,1034921,274770
6/20/08,1237689,1608996,1856532,9450,7000,1418,1184,299,1367645,366990
6/21/08,1218778,1584410,1828165,5650,9250,848,1477,230,1346748,367710
6/22/08,1347222,1751388,2020832,5675,7000,851,1143,410,1488680,399165
6/23/08,1232564,1602335,1848848,7425,8500,1114,1477,330,1361985,369210
6/24/08,1134040,1474251,1701057,5000,9500,750,1174,54,1253113,339075
6/25/08,1035796,1346537,1553697,4375,8500,656,1178,38,1144556,308775
6/26/08,925472,1203115,1388209,8400,11250,1260,1226,36,1022647,278325
6/27/08,1332803,1732645,1999206,5975,6000,896,1351,38,1472748,402740
6/28/08,916437,1191367,1374653,4600,9500,690,1025,39,1012662,279315
6/29/08,1336333,1737232,2004496,8200,10750,1230,1059,33,1476645,404170
6/30/08,1033816,1343958,1550722,6600,9750,990,1102,41,1142366,311475
7/1/08,1336651,1737648,2004978,1075,8000,161,1197,36,1477002,405665
7/2/08,1033795,1343934,1550692,750,10000,113,1317,44,1142343,312625
7/3/08,1035290,1345877,1552935,725,10250,109,1357,38,1143997,313125
7/4/08,934572,1214942,1401855,750,9750,113,1500,31,1032701,282240
7/5/08,1011535,1314994,1517303,775,9000,116,1230,40,1117746,314075
7/6/08,925963,1203751,1388945,650,10000,98,1368,48,1023190,283095
7/7/08,1133640,1473733,1700462,825,8500,124,1019,44,1252672,346555
7/8/08,928388,1206905,1392582,725,7000,109,1296,41,1025869,283995
7/9/08,1241870,1614432,1862805,875,6000,131,1118,38,1372267,379290
7/10/08,1024703,1332115,1537056,750,5750,113,1202,30,1132297,316625
7/11/08,824049,1071262,1236073,625,6500,94,1391,44,910574,253660
7/12/08,1137488,1478734,1706232,800,8500,120,1272,53,1256924,349305
7/13/08,1227687,1595992,1841530,950,9500,143,1193,38,1356594,381750
7/14/08,1132397,1472115,1698597,875,8500,131,1500,35,1251299,350570
7/15/08,1134116,1474350,1701173,825,6500,124,1395,46,1253197,351175
7/16/08,932277,1211959,1398414,750,8000,113,1465,35,1030164,287775
7/17/08,818887,1064553,1228330,600,10500,90,1061,43,904870,256140
7/18/08,1232085,1601710,1848124,875,9250,131,1438,48,1361452,384810
7/19/08,1337505,1738754,2006257,1050,8250,158,1262,43,1477942,417690
7/20/08,1040321,1352418,1560483,750,9250,113,1424,56,1149554,321875
7/21/08,1137875,1479239,1706811,700,6500,105,1354,30,1257352,354640
7/22/08,1345067,1748586,2017602,925,7750,139,1068,48,1486298,419900
7/23/08,1018965,1324657,1528451,700,6500,105,1217,54,1125959,323575
7/24/08,1128838,1467492,1693258,850,10000,128,1459,49,1247366,356510
7/25/08,1116443,1451375,1674666,950,7250,143,1096,40,1233671,357115
7/26/08,1225759,1593489,1838639,850,8000,128,1045,50,1354464,390270
7/27/08,1427006,1855105,2140509,1125,9250,169,1324,51,1576842,456225
7/28/08,827463,1075702,1241193,600,9250,90,1121,49,914346,261140
7/29/08,1322292,1718980,1983438,950,7250,143,1073,45,1461134,425035
7/30/08,1443032,1875939,2164547,1075,8500,161,1482,50,1594550,458675
7/31/08,1332750,1732575,1999123,975,4250,146,1053,43,1472686,426790
8/1/08,1132207,1471867,1698309,800,9000,120,1176,35,1251088,361790
8/2/08,1308060,1700479,1962091,1000,8250,150,1336,30,1445407,428350
8/3/08,1334381,1734695,2001568,1025,8500,154,1465,29,1474488,429195
8/4/08,1315813,1710558,1973719,975,7500,146,1079,33,1453973,430040
8/5/08,1225964,1593753,1838945,900,8000,135,1364,43,1354691,397710
8/6/08,1322986,1719884,1984479,1000,6750,150,1160,48,1461901,431665
8/7/08,1108449,1440985,1662672,850,12000,128,1414,43,1224836,365915
8/8/08,1030743,1339965,1546114,700,8250,105,1275,33,1138970,333175
8/9/08,719300,935090,1078952,600,9500,90,1297,40,794827,233520
8/10/08,823645,1070740,1235469,575,8000,86,1224,53,910129,267180
8/11/08,931556,1211023,1397334,650,8250,98,1096,46,1029369,300960
8/12/08,1125728,1463446,1688591,850,9750,128,1453,41,1243928,368390
8/13/08,1032928,1342806,1549394,950,9500,143,1058,46,1141386,335425
8/14/08,1232023,1601631,1848035,850,8000,128,1415,33,1361386,403170
8/15/08,924852,1202307,1387277,650,9250,98,1275,39,1021962,302850
8/16/08,1029893,1338861,1544838,800,9000,120,1415,33,1138031,336975
8/17/08,1334621,1735011,2001934,1050,6750,158,1359,50,1474757,438815
8/18/08,1218766,1584397,1828151,925,7250,139,1151,36,1346738,405810
8/19/08,1226231,1594102,1839349,825,9250,124,1205,40,1354987,406530
8/20/08,1222101,1588733,1833154,925,5750,139,1010,46,1350423,407250
8/21/08,920516,1196670,1380774,650,9750,98,1368,46,1017170,305910
8/22/08,1133563,1473635,1700347,775,5750,116,1371,36,1252589,374440
8/23/08,820649,1066843,1230973,650,7500,98,1228,43,906816,272700
8/24/08,1336850,1737903,2005271,1000,5750,150,1194,21,1477217,443820
8/25/08,1129313,1468108,1693969,725,8500,109,1143,45,1247890,376200
8/26/08,1025888,1333654,1538834,800,8000,120,1237,41,1133607,342525
8/27/08,1224905,1592377,1837360,925,9500,139,1105,43,1353522,411690
8/28/08,1330774,1730005,1996161,925,6750,139,1149,38,1470505,446810
8/29/08,1029746,1338670,1544617,725,8750,109,1431,40,1137869,344275
8/30/08,1239648,1611544,1859470,850,4250,128,1307,34,1369811,413790
8/31/08,608523,791082,912787,425,106500,64,1418,60,672418,207165
9/1/08,1233846,1604000,1850770,900,92000,135,1254,41,1363401,414870
9/2/08,1123379,1460394,1685071,825,98000,124,1337,48,1241335,380930
9/3/08,1136313,1477208,1704471,850,136000,128,1311,40,1255628,381535
9/4/08,1143458,1486494,1715183,750,89000,113,1191,41,1263518,382140
9/5/08,925250,1202826,1387877,800,94500,120,1336,49,1022402,313110
9/6/08,923478,1200522,1385217,675,91000,101,1374,48,1020444,313515
9/7/08,1433980,1864173,2150970,1200,97000,180,1464,40,1584546,488495
9/8/08,1234387,1604703,1851581,825,102500,124,1020,46,1363999,419490
9/9/08,1353692,1759801,2030538,950,104000,143,1066,45,1495830,455260
9/10/08,1226832,1594880,1840247,800,97500,120,1284,34,1355648,420990
9/11/08,1037504,1348754,1556254,825,79000,124,1177,36,1146441,351375
9/12/08,1335449,1736081,2003170,975,74500,146,1284,46,1475670,457535
9/13/08,1249106,1623838,1873660,950,138500,143,1269,29,1380262,423090
9/14/08,1143920,1487094,1715878,800,79000,120,1304,49,1264030,388465
9/15/08,1234587,1604966,1851883,925,110000,139,1275,29,1364219,424470
9/16/08,1135000,1475502,1702501,900,141000,135,1072,38,1254178,389730
9/17/08,932792,1212629,1399189,675,86000,101,1467,29,1030734,319320
9/18/08,1236558,1607525,1854837,725,82000,109,1258,43,1366398,426390
9/19/08,1125376,1462988,1688064,925,82000,139,1148,40,1243542,391490
9/20/08,838987,1090681,1258479,575,67500,86,1076,48,927079,285100
9/21/08,1322267,1718947,1983400,975,75000,146,1109,34,1461106,463970
9/22/08,706237,918109,1059356,575,119000,86,1196,44,780391,250180
9/23/08,1134901,1475371,1702351,750,126000,113,1470,21,1254066,393635
9/24/08,820292,1066377,1230437,575,100000,86,1416,533,906422,286660
9/25/08,1020799,1327038,1531197,850,85500,128,1174,460,1127983,358775
9/26/08,1051413,1366838,1577121,800,78500,120,1098,490,1161811,359275
9/27/08,1234430,1604760,1851647,950,82500,143,1305,680,1364048,431790
9/28/08,1134966,1475457,1702451,675,44500,101,1122,445,1254138,396440
9/29/08,1123105,1460035,1684656,875,80500,131,1235,473,1241032,397045
9/30/08,610949,794235,916424,425,100000,64,1360,455,675099,216825
10/1/08,1387058,1803175,2080587,10650,75500,1598,1419,485,1532698,470405
10/2/08,1275185,1657741,1912777,9200,110500,1380,1037,513,1409081,434970
10/3/08,1280335,1664435,1920505,9800,106500,1470,1067,520,1414770,435690
10/4/08,1290658,1677854,1935985,13600,73500,2040,1024,488,1426175,436410
10/5/08,1294220,1682488,1941333,8900,94500,1335,1472,395,1430114,437130
10/6/08,858011,1115415,1287018,9450,88000,1418,1329,373,948103,291820
10/7/08,1300947,1691231,1951418,9100,86500,1365,1371,693,1437546,438330
10/8/08,1294062,1682280,1941092,9700,62500,1455,1421,395,1429937,439050
10/9/08,1391564,1809032,2087343,10250,91500,1538,1371,550,1537678,476450
10/10/08,1391826,1809374,2087740,10400,112000,1560,1324,705,1537969,477295
10/11/08,1294009,1682212,1941012,9750,114500,1463,1450,430,1429879,441330
10/12/08,1081789,1406328,1622685,7900,103000,1185,1223,410,1195379,368325
10/13/08,1058779,1376413,1588168,7450,51000,1118,1037,410,1169953,368825
10/14/08,1296340,1685241,1944508,13850,114500,2078,1048,338,1432454,443250
10/15/08,864601,1123980,1296898,7900,94000,1185,1165,375,955382,295900
10/16/08,1297269,1686450,1945904,11000,56000,1650,1046,595,1433484,444450
10/17/08,1485204,1930766,2227803,14100,111000,2115,1081,630,1641150,519435
10/18/08,1290444,1677574,1935662,8600,108000,1290,1340,500,1425938,446010
10/19/08,1186109,1541941,1779163,8200,104500,1230,1186,428,1310650,409475
10/20/08,1063846,1383000,1595767,8200,87500,1230,1155,393,1175550,372775
10/21/08,968145,1258590,1452218,6750,116500,1013,1258,413,1069800,335925
10/22/08,1171242,1522615,1756864,7500,109000,1125,1271,223,1294223,411125
10/23/08,1291700,1679211,1937551,11900,86500,1785,1485,403,1427328,449190
10/24/08,1182502,1537254,1773752,12600,87000,1890,1248,500,1306664,412390
10/25/08,1068965,1389657,1603448,10000,68500,1500,1134,378,1181206,375425
10/26/08,1068502,1389052,1602752,8550,72000,1283,1192,553,1180692,375925
10/27/08,1177535,1530794,1766301,7850,79000,1178,1248,533,1301175,414095
10/28/08,1184585,1539961,1776878,8250,110000,1238,1316,368,1308969,414700
10/29/08,968301,1258792,1452454,4450,63000,668,1074,473,1069973,339750
10/30/08,1280383,1664499,1920576,8050,92500,1208,1426,440,1414823,453630
10/31/08,1401909,1822483,2102866,10000,62500,1500,1266,433,1549111,492245
11/1/08,959037,1246748,1438556,7550,65000,1133,1478,313,1059737,341280
11/2/08,1385611,1801294,2078415,11050,92500,1658,1191,458,1531099,493675
11/3/08,1488199,1934659,2232298,10650,84000,1598,1017,560,1644460,532595
11/4/08,1294606,1682987,1941907,7350,59500,1103,1275,573,1430539,457290
11/5/08,1276407,1659331,1914612,9450,52000,1418,1403,515,1410430,458010
11/6/08,1289942,1676927,1934917,8800,95000,1320,1155,255,1425389,458730
11/7/08,1287236,1673407,1930854,8650,91000,1298,1155,573,1422395,459450
11/8/08,1073030,1394937,1609542,6250,78000,938,1338,470,1185697,383425
11/9/08,1173731,1525850,1760599,9150,64500,1373,1052,280,1296976,422345
11/10/08,1175475,1528117,1763213,11200,65500,1680,1306,555,1298900,422950
11/11/08,1275376,1657989,1913065,11450,64000,1718,1352,540,1409288,462090
11/12/08,1393669,1811773,2090508,10300,109500,1545,1175,523,1540007,501410
11/13/08,1082119,1406756,1623180,5100,98000,765,1342,438,1195742,386275
11/14/08,1172537,1524295,1758805,11450,56500,1718,1378,583,1295653,425480
11/15/08,1286656,1672655,1929987,9400,75500,1410,1326,545,1421755,464850
11/16/08,955433,1242062,1433147,5600,84000,840,1094,433,1055753,349110
11/17/08,1288732,1675351,1933097,11100,71000,1665,1000,435,1424050,466110
11/18/08,1384987,1800486,2077481,10800,78000,1620,1195,343,1530412,505765
11/19/08,1181343,1535744,1772014,10450,60500,1568,1209,360,1305384,428615
11/20/08,973355,1265361,1460031,8750,81000,1313,1419,395,1075557,351135
11/21/08,1380914,1795190,2071373,11650,104500,1748,1082,550,1525909,507910
11/22/08,1170269,1521348,1755404,10900,100500,1635,1437,315,1293148,430430
11/23/08,1178261,1531738,1767391,8650,78500,1298,1486,463,1301977,431035
11/24/08,1068360,1388867,1602540,8700,159000,1305,1005,313,1180539,392375
11/25/08,1287770,1674099,1931654,6850,122500,1028,1455,325,1422985,471510
11/26/08,1291470,1678910,1937204,7200,116000,1080,1121,463,1427072,472230
11/27/08,946934,1231015,1420401,7900,115000,1185,1114,420,1046363,354645
11/28/08,1486667,1932668,2229998,11000,98500,1650,1176,298,1642766,552475
11/29/08,1057325,1374523,1585988,6300,106000,945,1031,260,1168343,395225
11/30/08,963454,1252491,1445182,9250,100000,1388,1484,475,1064618,356130
12/1/08,855169,1111716,1282750,6250,126000,938,1095,455,944960,316900
12/2/08,864365,1123676,1296549,6500,106500,975,1103,390,955124,317220
12/3/08,1061255,1379632,1591883,9250,127500,1388,1135,323,1172688,396975
12/4/08,1174076,1526300,1761113,8400,139500,1260,1173,328,1297354,437250
12/5/08,849141,1103884,1273712,5950,147000,893,1055,320,938302,318380
12/6/08,741053,963368,1111577,5200,114000,780,1075,548,818864,278845
12/7/08,1165999,1515800,1749001,9500,135000,1425,1347,490,1288430,438680
12/8/08,1059332,1377130,1588998,9100,96000,1365,1495,283,1170563,399325
12/9/08,1273791,1655926,1910685,7800,130500,1170,1489,378,1407537,479850
12/10/08,963150,1252094,1444723,6450,154500,968,1442,420,1064279,360360
12/11/08,856285,1113170,1284428,6550,154500,983,1386,355,946195,320660
12/12/08,960690,1248897,1441034,6400,90000,960,1249,390,1061561,361125
12/13/08,1062436,1381166,1593655,10950,147000,1643,1267,303,1173991,401725
12/14/08,1175347,1527953,1763023,9800,153000,1470,1018,405,1298759,442475
12/15/08,739259,961035,1108888,5650,144000,848,1107,523,816880,281890
12/16/08,1063858,1383018,1595791,7550,136500,1133,1293,503,1175565,403125
12/17/08,1292736,1680559,1939105,8400,93000,1260,1140,393,1428474,484410
12/18/08,1055020,1371523,1582527,7100,165000,1065,1372,795,1165794,404225
12/19/08,849501,1104352,1274252,7800,144000,1170,1289,613,938701,323740
12/20/08,961264,1249644,1441899,6050,129000,908,1133,580,1062197,364590
12/21/08,1124534,1461895,1686801,8100,165000,1215,1305,575,1242608,446160
12/22/08,1423091,1850019,2134636,10450,114000,1568,1460,493,1572517,568715
12/23/08,1447198,1881356,2170796,10050,111000,1508,1417,530,1599153,569695
12/24/08,1428574,1857142,2142859,7850,126000,1178,1160,500,1578574,570675
12/25/08,1424704,1852116,2137056,15900,139500,2385,1470,630,1574298,571655
12/26/08,1426970,1855060,2140457,12250,126000,1838,1441,533,1576803,572635
12/27/08,1417075,1842197,2125610,11600,118500,1740,1327,638,1565867,573615
12/28/08,1422046,1848661,2133070,11500,166500,1725,1199,698,1571358,574595
12/29/08,1408644,1831237,2112966,9850,126000,1478,1467,735,1556550,575575
12/30/08,1418880,1844544,2128319,10600,141000,1590,1435,570,1567862,576555
12/31/08,1423561,1850628,2135341,10000,183000,1500,1296,675,1573033,577535
1/1/09,1122613,1459395,1683917,12600,0,1890,1323,480,1240487,413125
1/2/09,1220783,1587017,1831173,10650,0,1598,1110,653,1348963,455015
1/3/09,1350851,1756106,2026277,12750,0,1913,1155,773,1492689,497070
1/4/09,1361849,1770405,2042774,13950,0,2093,1376,773,1504845,497790
1/5/09,1459777,1897711,2189665,14700,51000,2205,1301,450,1613054,540085
1/6/09,1224323,1591620,1836482,11400,148500,1710,1313,735,1352876,457655
1/7/09,1337750,1739074,2006625,13500,160500,2025,1149,765,1478211,499950
1/8/09,1108036,1440447,1662053,9600,169500,1440,1086,720,1224380,417175
1/9/09,1453087,1889014,2179631,13050,162000,1958,1373,683,1605661,543075
1/10/09,1352017,1757621,2028024,15450,201000,2318,1432,465,1493978,502050
1/11/09,1459699,1897610,2189551,15450,180000,2318,1038,825,1612968,544700
1/12/09,999551,1299416,1499326,9000,159000,1350,1106,720,1104503,377595
1/13/09,1462583,1901358,2193876,14700,160500,2205,1274,645,1616156,546130
1/14/09,1343939,1747121,2015907,15300,168000,2295,1377,825,1485052,504870
1/15/09,1437557,1868824,2156334,14400,148500,2160,1401,570,1588499,547755
1/16/09,1448975,1883667,2173464,13650,157500,2048,1253,555,1601117,548600
1/17/09,1002684,1303488,1504024,9300,157500,1395,1399,630,1107966,380295
1/18/09,1577500,2050747,2366247,16500,178500,2475,1025,698,1743134,592375
1/19/09,1477223,1920390,2215833,14400,150000,2160,1193,630,1632331,550940
1/20/09,1232262,1601941,1848393,12900,142500,1935,1500,593,1361649,466840
1/21/09,1442323,1875021,2163486,16500,160500,2475,1042,833,1593769,552500
1/22/09,1113897,1448066,1670845,11400,150000,1710,1471,630,1230856,425575
1/23/09,1000543,1300706,1500816,11100,163500,1665,1496,705,1105601,383445
1/24/09,1331631,1731118,1997445,12600,165000,1890,1255,915,1471451,511890
1/25/09,1341109,1743444,2011664,13950,174000,2093,1487,0,1481927,512610
1/26/09,1224709,1592124,1837063,12600,136500,1890,1198,0,1353304,470525
1/27/09,1349401,1754219,2024100,11850,150000,1778,1343,0,1491087,513990
1/28/09,1547716,2012033,2321577,16650,169500,2498,1150,0,1710230,600565
1/29/09,1324265,1721546,1986398,12600,76500,1890,1171,255,1463314,515550
1/30/09,1450454,1885589,2175680,14100,79500,2115,1252,743,1602750,559325
1/31/09,1546613,2010597,2319920,18300,87000,2745,1177,803,1709005,603295
2/1/09,0,0,0,0,96000,0,1291,848,,
2/2/09,0,0,0,0,138000,0,1341,810,,
2/3/09,0,0,0,0,135000,0,1214,1005,,
2/4/09,0,0,0,0,148500,0,1343,900,,
2/5/09,444821,578267,667231,5100,139500,765,1457,795,491527,172550
2/6/09,1556923,2024000,2335387,14850,115500,2228,1390,803,1720401,604555
2/7/09,1577200,2050356,2365796,16050,147000,2408,1314,840,1742804,605535
2/8/09,1583612,2058696,2375416,16950,156000,2543,1307,743,1749891,606515
2/9/09,1558561,2026129,2337840,16200,124500,2430,1101,788,1722211,607495
2/10/09,1554791,2021227,2332188,20100,150000,3015,1303,788,1718042,608475
2/11/09,1562808,2031649,2344210,18000,153000,2700,1443,893,1726903,609455
2/12/09,1586435,2062368,2379656,15900,124500,2385,1217,750,1753013,610435
2/13/09,1562595,2031374,2343892,16050,109500,2408,1062,713,1726670,611415
2/14/09,1556340,2023244,2334511,16800,121500,2520,1174,803,1719759,612395
2/15/09,1576554,2049520,2364830,14850,139500,2228,1289,750,1742091,613375
2/16/09,1577822,2051169,2366734,15750,126000,2363,1324,818,1743493,614355
2/17/09,1582399,2057118,2373600,15750,123000,2363,1371,825,1748550,615335
2/18/09,1578940,2052622,2368408,17850,130500,2678,1182,870,1744728,616315
2/19/09,1566396,2036316,2349596,15000,165000,2250,1106,683,1730867,617295
2/20/09,1588185,2064639,2382275,14250,157500,2138,1247,750,1754944,618275
2/21/09,1569342,2040144,2354010,16050,130500,2408,1489,848,1734123,619255
2/22/09,1576676,2049677,2365012,15000,127500,2250,1454,383,1742226,620235
2/23/09,1565145,2034683,2347714,16350,132000,2453,1477,398,1729482,621215
2/24/09,1568453,2038990,2352681,16500,115500,2475,1126,435,1733142,622195
2/25/09,1571678,2043184,2357522,17400,103500,2610,1303,480,1736708,623175
2/26/09,1577112,2050246,2365668,13650,139500,2048,1377,690,1742709,624155
2/27/09,1563840,2032990,2345757,15000,142500,2250,1434,675,1728041,625135
2/28/09,1572943,2044823,2359412,16950,157500,2543,1333,743,1738101,626115
3/1/09,771023,1002329,1156534,7650,40250,1148,1251,698,851979,313425
3/2/09,879159,1142908,1318742,7950,75000,1193,1196,578,971473,358500
3/3/09,981799,1276337,1472699,8700,66500,1305,1478,735,1084889,403695
3/4/09,879052,1142769,1318580,9600,36750,1440,1046,780,971353,359180
3/5/09,1214947,1579432,1822420,13800,43250,2070,1370,623,1342516,494395
3/6/09,1192901,1550773,1789353,13500,47250,2025,1014,750,1318155,495000
3/7/09,1394495,1812843,2091745,14850,35500,2228,1480,765,1540918,585780
3/8/09,1297933,1687311,1946900,13950,78500,2093,1462,623,1434215,541470
3/9/09,1188576,1545146,1782862,11550,45500,1733,1460,548,1313376,496980
3/10/09,1313844,1707999,1970767,14700,22250,2205,1168,608,1451798,542850
3/11/09,1410563,1833732,2115848,15600,45750,2340,1255,698,1558674,588900
3/12/09,1308849,1701505,1963273,12450,62500,1868,1154,630,1446277,544350
3/13/09,1311744,1705266,1967616,15000,59500,2250,1496,615,1449475,545070
3/14/09,1291895,1679464,1937841,15300,38500,2295,1347,653,1427544,545790
3/15/09,1191659,1549156,1787486,12450,32250,1868,1243,825,1316783,500940
3/16/09,1307115,1699249,1960673,10950,32000,1643,1358,788,1444364,547170
3/17/09,1303441,1694473,1955163,12150,51750,1823,1347,653,1440303,547890
3/18/09,1418961,1844648,2128439,13950,38500,2093,1270,638,1567952,594360
3/19/09,1296333,1685234,1944500,12600,69250,1890,1446,660,1432449,549390
3/20/09,1203248,1564225,1804873,12300,50000,1845,1178,578,1329587,504240
3/21/09,1196641,1555636,1794961,13050,44500,1958,1265,518,1322288,504845
3/22/09,1520355,1976463,2280533,16500,88000,2475,1071,698,1679991,643405
3/23/09,1412456,1836190,2118682,15750,44500,2363,1225,713,1560763,598325
3/24/09,1200762,1560990,1801142,13050,66250,1958,1499,788,1326843,506935
3/25/09,1316124,1710961,1974185,12750,90750,1913,1037,201,1454318,553710
3/26/09,1298067,1687486,1947099,13200,80500,1980,1306,375,1434363,554430
3/27/09,1300171,1690222,1950257,11550,79500,1733,1437,333,1436688,555150
3/28/09,1077516,1400771,1616276,10350,75000,1553,1168,184,1190656,463175
3/29/09,1187164,1543315,1780748,13950,65500,2093,1123,216,1311818,510070
3/30/09,1405941,1827722,2108912,14250,71750,2138,1353,236,1553567,603590
3/31/09,1407513,1829768,2111273,15750,49500,2363,1487,178,1555302,604435
4/1/09,850195,1105256,1275296,4025,78000,604,1223,393,939467,372380
4/2/09,1291577,1679048,1937364,7500,48250,1125,1133,228,1427193,559170
4/3/09,862581,1121355,1293871,6650,78000,998,1254,111,953152,373180
4/4/09,958461,1246000,1437695,3675,63000,551,1028,229,1059101,420210
4/5/09,1290415,1677540,1935621,4325,45250,649,1442,313,1425908,560910
4/6/09,857788,1115124,1286684,4725,46750,709,1021,298,947855,374340
4/7/09,860500,1118651,1290752,3550,69500,533,1077,193,950853,374660
4/8/09,964911,1254384,1447366,7850,50000,1178,1429,161,1066226,421875
4/9/09,1288060,1674477,1932092,4550,31750,683,1137,160,1423307,563130
4/10/09,1192888,1550753,1789330,2225,53750,334,1279,259,1318141,516835
4/11/09,1175074,1527599,1762614,4575,80500,686,1241,193,1298458,517440
4/12/09,1392752,1810578,2089126,6250,78750,938,1384,346,1538992,612300
4/13/09,1285118,1670653,1927676,5950,41250,893,1086,250,1420054,565950
4/14/09,1086643,1412634,1629964,3850,65000,578,1028,223,1200742,472175
4/15/09,1193860,1552019,1790790,3225,55250,484,1302,440,1319215,519970
4/16/09,1086173,1412025,1629262,3200,69500,480,1484,223,1200222,473225
4/17/09,974953,1267440,1462431,5175,48500,776,1161,331,1077325,426330
4/18/09,1083422,1408448,1625131,3850,38750,578,1439,454,1197182,474175
4/19/09,958712,1246325,1438069,6925,78000,1039,1139,403,1059377,427185
4/20/09,1177508,1530762,1766264,5000,36750,750,1379,398,1301148,522665
4/21/09,1291941,1679522,1937910,4450,64000,668,1037,375,1427592,570870
4/22/09,1496107,1944939,2244163,8800,72000,1320,1081,328,1653199,666925
4/23/09,1485975,1931768,2228960,4450,14500,668,1309,359,1642003,667905
4/24/09,1486458,1932394,2229684,6625,26250,994,1495,248,1642534,668885
4/25/09,1493665,1941764,2240499,9075,35500,1361,1390,390,1650501,669865
4/26/09,1483187,1928140,2224779,8050,38250,1208,1216,241,1638922,670845
4/27/09,1513520,1967576,2270281,7950,35750,1193,1178,390,1672442,671825
4/28/09,1473372,1915383,2210058,7500,24000,1125,1495,315,1628078,672805
4/29/09,1507069,1959188,2260602,6550,50500,983,1328,226,1665310,673785
4/30/09,1489158,1935907,2233742,7175,112500,1076,1428,234,1645522,674765
5/1/09,1058646,1376241,1587970,4950,35000,743,1455,348,1169805,482575
5/2/09,1264532,1643895,1896800,7800,62500,1170,1462,250,1397310,579750
5/3/09,1147353,1491559,1721030,4825,43000,724,1357,159,1267824,532070
5/4/09,1260273,1638356,1890410,7800,69750,1170,1043,269,1392603,581130
5/5/09,1039409,1351235,1559112,6300,46750,945,1037,403,1148547,484825
5/6/09,1269863,1650826,1904797,4525,24250,679,1044,394,1403201,582450
5/7/09,1263045,1641958,1894567,4675,68000,701,1091,206,1395664,583170
5/8/09,1155728,1502448,1733595,6950,39000,1043,1191,325,1277081,535205
5/9/09,1360260,1768338,2040388,5000,51500,750,1034,276,1503086,633295
5/10/09,833033,1082942,1249548,3175,65250,476,1014,348,920501,390140
5/11/09,1157036,1504150,1735558,5375,29500,806,1123,243,1278526,536965
5/12/09,1269407,1650229,1904109,8050,51500,1208,1174,194,1402694,586470
5/13/09,1377690,1790997,2066536,7875,62250,1181,1460,390,1522348,636155
5/14/09,1056240,1373113,1584361,4125,59000,619,1231,184,1167146,489925
5/15/09,1151922,1497502,1727887,6500,30500,975,1419,320,1272874,539495
5/16/09,950393,1235510,1425588,5525,38750,829,1138,360,1050184,441855
5/17/09,1155356,1501962,1733033,6950,65000,1043,1454,73,1276667,540595
5/18/09,1263027,1641934,1894541,4850,76000,728,1028,131,1395645,590430
5/19/09,1160645,1508837,1740967,3875,65750,581,1269,178,1282513,541860
5/20/09,1047551,1361820,1571330,7800,25000,1170,1470,191,1157545,493125
5/21/09,950949,1236234,1426423,3675,49000,551,1453,179,1050797,444240
5/22/09,1156022,1502828,1734030,6400,23500,960,1342,120,1277403,543510
5/23/09,1155392,1502009,1733087,7200,15750,1080,1143,253,1276710,544115
5/24/09,847601,1101882,1271402,1450,74750,218,1279,563,936600,396100
5/25/09,1047837,1362187,1571754,2625,46250,394,1265,175,1157861,495575
5/26/09,841199,1093560,1261797,3550,76250,533,1185,313,929524,396820
5/27/09,1044154,1357401,1566231,3825,59500,574,1425,215,1153791,496475
5/28/09,1042549,1355311,1563824,3575,54500,536,1364,349,1152016,496975
5/29/09,1257678,1634981,1886516,2400,49000,360,1409,234,1389735,597030
5/30/09,1142268,1484949,1713401,5050,50250,758,1246,121,1262205,547910
5/31/09,1159007,1506709,1738512,11250,8750,1688,1188,340,1280704,548515
6/1/09,948173,1232623,1422258,3500,9500,525,1345,195,1047731,449235
6/2/09,1379902,1793872,2069851,6250,6000,938,1091,258,1524792,649610
6/3/09,838625,1090213,1257935,4300,8250,645,1309,326,926680,400180
6/4/09,1349372,1754184,2024058,6975,7750,1046,1095,148,1491056,650975
6/5/09,1268751,1649376,1903127,4675,9500,701,1392,258,1401969,601650
6/6/09,951717,1237234,1427577,2425,6750,364,1328,311,1051648,451710
6/7/09,846882,1100945,1270321,6800,8000,1020,1489,295,935803,401860
6/8/09,1148466,1493009,1722697,3900,5750,585,1147,153,1269054,553080
6/9/09,1041999,1354599,1563000,5150,6000,773,1367,194,1151408,503325
6/10/09,1059566,1377433,1589348,6525,7500,979,1013,325,1170818,503825
6/11/09,1052771,1368602,1579155,2950,7250,443,1215,380,1163310,504325
6/12/09,1148582,1493158,1722876,5150,9500,773,1473,329,1269184,555335
6/13/09,1263113,1642048,1894669,6225,7500,934,1442,125,1395741,606510
6/14/09,1265587,1645263,1898379,5900,9000,885,1024,245,1398473,607230
6/15/09,1043205,1356167,1564807,3050,6000,458,1132,118,1152741,506575
6/16/09,1137615,1478897,1706419,3875,5250,581,1113,79,1257063,557810
6/17/09,1170930,1522208,1756394,6500,8250,975,1193,374,1293878,558415
6/18/09,1141864,1484425,1712796,7600,10000,1140,1400,231,1261762,559020
6/19/09,1370137,1781180,2055207,6575,7000,986,1278,381,1514003,661440
6/20/09,941802,1224342,1412704,2500,9500,375,1090,298,1040691,458415
6/21/09,939816,1221763,1409725,4900,7500,735,1243,273,1038497,458820
6/22/09,737960,959349,1106941,2350,6250,353,1051,245,815448,357140
6/23/09,847045,1101157,1270567,1575,8750,236,1248,251,935982,408460
6/24/09,1269741,1650661,1904609,7475,8000,1121,1171,44,1403063,613290
6/25/09,1148014,1492419,1722020,4625,9250,694,1449,48,1268556,562815
6/26/09,1363620,1772704,2045427,7625,8750,1144,1433,30,1506798,665925
6/27/09,1156266,1503146,1734399,5950,7750,893,1060,41,1277673,564135
6/28/09,1369491,1780338,2054237,5450,7500,818,1462,39,1513288,667485
6/29/09,849298,1104089,1273947,4900,8250,735,1037,48,938475,411180
6/30/09,1054705,1371115,1582057,5025,8750,754,1055,34,1165449,514425
7/1/09,982583,1277359,1473877,875,6000,131,1439,40,1405097,566445
7/2/09,1153024,1498930,1729534,950,8250,143,1086,29,1648824,670215
7/3/09,803103,1044036,1204656,600,9750,90,1025,30,1148438,464490
7/4/09,980213,1274273,1470316,825,5000,124,1161,38,1401701,568260
7/5/09,896318,1165213,1344477,775,9250,116,1392,36,1281734,517125
7/6/09,1162742,1511565,1744114,950,8000,143,1124,48,1662722,673010
7/7/09,901169,1171520,1351753,675,9500,101,1483,38,1288673,518275
7/8/09,984788,1280223,1477181,800,9000,120,1333,45,1408246,570680
7/9/09,719979,935973,1079968,575,6750,86,1314,30,1029570,415420
7/10/09,702754,913580,1054132,600,10750,90,1174,26,1004938,415740
7/11/09,882353,1147061,1323532,750,7000,113,1480,41,1261768,520125
7/12/09,809732,1052652,1214599,725,8000,109,1064,50,1157916,468540
7/13/09,983777,1278906,1475660,950,9750,143,1132,35,1406799,573210
7/14/09,906311,1178205,1359467,750,9500,113,1393,48,1296025,521625
7/15/09,1071248,1392623,1606873,900,6500,135,1059,38,1531885,626610
7/16/09,803778,1044913,1205668,600,7500,90,1439,31,1149403,470430
7/17/09,625492,813139,938236,525,5250,79,1322,44,894451,366170
7/18/09,897665,1166968,1346499,825,4750,124,1213,40,1283663,523525
7/19/09,1157132,1504273,1735699,1000,6750,150,1115,46,1654699,681330
7/20/09,892151,1159799,1338227,700,6500,105,1332,44,1275777,524675
7/21/09,983581,1278656,1475372,950,5500,143,1230,39,1406521,577720
7/22/09,905552,1177219,1358328,750,11250,113,1127,38,1294941,525725
7/23/09,898936,1168618,1348405,625,6000,94,1181,41,1285481,526225
7/24/09,1066499,1386450,1599750,875,6250,131,1212,44,1525094,632130
7/25/09,896588,1165567,1344885,800,7500,120,1406,30,1282122,527325
7/26/09,984915,1280388,1477371,925,9750,139,1133,41,1408427,580635
7/27/09,893588,1161663,1340381,875,8500,131,1318,49,1277831,528375
7/28/09,990190,1287247,1485286,775,7250,116,1486,25,1415972,581790
7/29/09,891941,1159524,1337915,750,8500,113,1069,46,1275477,529425
7/30/09,980843,1275094,1471264,825,7500,124,1469,40,1402603,582945
7/31/09,883693,1148801,1325538,875,6000,131,1031,48,1263680,530475
8/1/09,922301,1198994,1383456,600,5750,90,1467,45,1019143,477855
8/2/09,1149504,1494354,1724256,825,8500,124,1212,34,1270201,584595
8/3/09,1354252,1760525,2031377,975,8750,146,1330,54,1496450,691665
8/4/09,740136,962176,1110204,500,6000,75,1140,35,817850,372785
8/5/09,1341185,1743539,2011777,925,6750,139,1132,40,1482009,692965
8/6/09,1265164,1644715,1897749,800,8000,120,1283,49,1398006,640410
8/7/09,1361576,1770048,2042363,950,7250,143,1156,48,1504540,694590
8/8/09,1155837,1502588,1733754,900,9000,135,1452,33,1277201,588390
8/9/09,1027690,1335999,1541538,675,6250,101,1173,38,1135599,535425
8/10/09,1355954,1762739,2033931,1075,4000,161,1359,26,1498329,696800
8/11/09,1136068,1476888,1704100,700,8250,105,1365,24,1255355,590260
8/12/09,1245042,1618554,1867563,800,7000,120,1017,34,1375771,644610
8/13/09,1252309,1628004,1878467,975,5000,146,1087,33,1383804,645330
8/14/09,1240392,1612512,1860590,950,6750,143,1183,28,1370635,646050
8/15/09,926797,1204836,1390194,650,6250,98,1428,56,1024109,485010
8/16/09,1051356,1366764,1577036,750,5750,113,1261,30,1161750,539375
8/17/09,733687,953792,1100530,525,9000,79,1015,31,810724,377860
8/18/09,731659,951156,1097489,475,8500,71,1297,38,808484,378105
8/19/09,949982,1234976,1424974,675,8000,101,1477,49,1049730,486495
8/20/09,834086,1084311,1251126,650,8500,98,1290,43,921663,432780
8/21/09,834300,1084590,1251450,550,7750,83,1033,36,921902,433100
8/22/09,1372508,1784261,2058763,1125,7000,169,1349,43,1516621,704470
8/23/09,938037,1219449,1407055,600,9250,90,1279,38,1036532,488205
8/24/09,843054,1095971,1264582,625,7500,94,1427,30,931576,434300
8/25/09,1159532,1507393,1739300,750,7000,113,1264,29,1281284,597685
8/26/09,1244758,1618184,1867134,975,8000,146,1325,43,1375457,652710
8/27/09,1136369,1477281,1704554,850,8750,128,1331,44,1255689,598950
8/28/09,1151489,1496938,1727236,725,5500,109,1187,30,1272398,599555
8/29/09,1039959,1351945,1559937,850,9750,128,1159,34,1149153,545575
8/30/09,938926,1220604,1408389,750,8750,113,1475,40,1037513,491445
8/31/09,939534,1221393,1409300,600,89500,90,1092,36,1038185,491850
9/1/09,945091,1228620,1417641,575,85000,86,1387,45,1044329,492255
9/2/09,1051599,1367078,1577398,850,98000,128,1272,31,1162016,547425
9/3/09,1153387,1499403,1730080,875,111000,131,1170,20,1274494,602745
9/4/09,939862,1221820,1409792,600,86500,90,1068,41,1038546,493605
9/5/09,1145772,1489503,1718657,675,126500,101,1469,35,1266079,603845
9/6/09,1146734,1490754,1720103,800,121000,120,1295,25,1267142,604450
9/7/09,1048057,1362475,1572088,725,105000,109,1060,34,1158104,550025
9/8/09,1263808,1642952,1895713,900,100500,135,1227,31,1396509,660690
9/9/09,939540,1221402,1409309,625,98500,94,1186,29,1038191,495990
9/10/09,623963,811152,935945,400,104000,60,1282,45,689478,330885
9/11/09,1254713,1631126,1882070,825,58500,124,1435,43,1386459,662310
9/12/09,1047379,1361593,1571068,700,88000,105,1365,40,1157354,552475
9/13/09,726295,944184,1089444,500,86500,75,1112,43,802557,387030
9/14/09,951899,1237467,1427847,675,80000,101,1273,39,1051846,497970
9/15/09,944059,1227276,1416089,625,91500,94,1388,35,1043186,498375
9/16/09,840190,1092247,1260286,575,60000,86,1020,46,928410,443340
9/17/09,1259810,1637752,1889714,900,47000,135,1250,38,1392088,665610
9/18/09,1245267,1618846,1867900,850,43000,128,1217,35,1376022,666330
9/19/09,1172511,1524265,1758767,800,62500,120,1148,40,1295624,611435
9/20/09,1365422,1775050,2048134,850,91000,128,1454,44,1508793,723385
9/21/09,1048092,1362519,1572137,775,102500,116,1201,28,1158140,557025
9/22/09,945708,1229418,1418560,700,98500,105,1076,49,1045006,501750
9/23/09,1366595,1776576,2049896,925,62000,139,1052,44,1510089,725465
9/24/09,1054971,1371464,1582457,750,49000,113,1454,448,1165741,558625
9/25/09,959092,1246821,1438638,700,60500,105,1336,425,1059796,503190
9/26/09,1155240,1501811,1732858,800,52000,120,1438,490,1276539,615560
9/27/09,1157702,1505014,1736553,875,60000,131,1218,555,1279260,616165
9/28/09,847304,1101495,1270956,550,69500,83,1058,433,936271,448500
9/29/09,1148787,1493424,1723181,975,108500,146,1364,633,1269410,617210
9/30/09,1258546,1636112,1887818,875,101500,131,1171,605,1390695,674010
10/1/09,1407765,1830093,2111646,8950,91000,1343,1083,525,1555579,730990
10/2/09,1368943,1779624,2053413,8500,96000,1275,1254,503,1512680,731835
10/3/09,1373153,1785101,2059731,9800,112500,1470,1088,493,1517335,732680
10/4/09,1383827,1798972,2075738,11100,81000,1665,1150,520,1529130,733525
10/5/09,1371269,1782648,2056904,8650,76500,1298,1365,293,1515253,734370
10/6/09,1385371,1800983,2078057,12650,66500,1898,1489,440,1530834,735215
10/7/09,1398916,1818590,2098375,12100,127500,1815,1153,433,1545802,736060
10/8/09,1392254,1809930,2088384,10500,72500,1575,1169,400,1538442,736905
10/9/09,1373438,1785468,2060158,10050,79500,1508,1394,458,1517648,737750
10/10/09,1382374,1797087,2073559,9850,83000,1478,1242,300,1527524,738595
10/11/09,1369279,1780062,2053919,10400,80500,1560,1154,235,1513053,739440
10/12/09,1069229,1389999,1603847,5850,88500,878,1003,215,1181499,569375
10/13/09,1078722,1402340,1618085,8800,107500,1320,1364,313,1191988,569875
10/14/09,971998,1263598,1457996,8650,103000,1298,1386,455,1074058,513315
10/15/09,1307397,1699617,1961096,8000,110000,1200,1474,513,1444674,685050
10/16/09,1200561,1560731,1800842,9150,78000,1373,1464,493,1326620,628595
10/17/09,760837,989089,1141255,6000,93000,900,1154,310,840725,400330
10/18/09,645766,839496,968649,4700,116500,705,1147,245,713572,343335
10/19/09,875061,1137580,1312592,4300,60000,645,1356,303,966943,458060
10/20/09,760956,989241,1141433,6250,92000,938,1189,260,840857,401065
10/21/09,984660,1280058,1476990,9100,75000,1365,1004,300,1088050,516015
10/22/09,1188231,1544701,1782348,10250,126500,1538,1115,348,1312997,631235
10/23/09,1317706,1713021,1976560,9850,82500,1478,1333,543,1456066,689310
10/24/09,758843,986493,1138263,6200,80500,930,1431,508,838521,402430
10/25/09,764678,994084,1147018,4900,93500,735,1352,455,844971,402675
10/26/09,857215,1114380,1285825,6050,104500,908,1189,480,947223,460500
10/27/09,1099608,1429492,1649411,5200,101500,780,1398,563,1215068,576075
10/28/09,767285,997472,1150929,6000,79500,900,1347,405,847850,403550
10/29/09,880799,1145040,1321199,6950,87500,1043,1026,383,973284,461500
10/30/09,1416716,1841732,2125072,10850,101500,1628,1336,333,1565471,750620
10/31/09,1182199,1536862,1773300,10150,90500,1523,1064,638,1306332,635800
11/1/09,1211477,1574920,1817214,9100,83000,1365,1095,363,1338683,636405
11/2/09,1100234,1430305,1650354,9600,93000,1440,1305,398,1215760,579075
11/3/09,1319122,1714855,1978679,11250,90000,1688,1150,415,1457627,695550
11/4/09,1107434,1439665,1661150,8100,58000,1215,1040,403,1223714,580175
11/5/09,1079465,1403304,1619197,7650,98500,1148,1019,443,1192807,580675
11/6/09,1212478,1576221,1818716,6650,104500,998,1409,538,1339788,639320
11/7/09,1318554,1714116,1977830,12750,114500,1913,1224,515,1456998,698130
11/8/09,980852,1275108,1471277,7250,90500,1088,1415,550,1083842,524070
11/9/09,1091876,1419438,1637815,7950,66500,1193,1160,390,1206523,582775
11/10/09,1319075,1714798,1978614,8300,86000,1245,1166,465,1457579,699990
11/11/09,982388,1277101,1473579,8050,84500,1208,1389,583,1085537,525465
11/12/09,1099864,1429824,1649797,8850,65000,1328,1390,300,1215350,584325
11/13/09,1200925,1561204,1801389,10750,135000,1613,1093,460,1327024,643335
11/14/09,1326259,1724136,1989388,10300,119500,1545,1322,375,1465516,702510
11/15/09,1202525,1563284,1803787,11000,68500,1650,1133,633,1328790,644600
11/16/09,1088890,1415557,1633334,7800,82000,1170,1112,413,1203224,586525
11/17/09,1405875,1827639,2108815,9300,123000,1395,1133,403,1553494,763230
11/18/09,1416557,1841523,2124834,11650,119000,1748,1361,468,1565294,764075
11/19/09,1207824,1570172,1811738,6000,109000,900,1021,523,1334646,647185
11/20/09,1319605,1715487,1979408,9200,125500,1380,1070,508,1458165,706710
11/21/09,1199977,1559969,1799966,7500,80500,1125,1097,398,1325975,648450
11/22/09,1317913,1713287,1976868,12650,67000,1898,1137,438,1456294,708090
11/23/09,1208249,1570725,1812373,8250,100500,1238,1238,508,1335115,649715
11/24/09,1092198,1419859,1638298,8050,105500,1208,1356,453,1206881,591175
11/25/09,1198679,1558283,1798020,9350,93000,1403,1022,415,1324542,650870
11/26/09,1202355,1563064,1803535,10450,132500,1568,1474,465,1328603,651475
11/27/09,1312834,1706683,1969251,10150,87000,1523,1482,450,1450683,711390
11/28/09,1095419,1424044,1643128,7950,55500,1193,1303,290,1210438,593375
11/29/09,1098783,1428420,1648176,8750,118000,1313,1141,493,1214156,593875
11/30/09,1421142,1847483,2131712,10150,74000,1523,1169,523,1570361,772785
12/1/09,1093117,1421053,1639679,9050,0,1358,1417,573,1207895,654555
12/2/09,985523,1281181,1478287,8300,0,1245,1435,453,1089003,595575
12/3/09,1001592,1302069,1502392,9300,0,1395,1093,333,1106759,596075
12/4/09,1298237,1687709,1947359,9000,0,1350,1072,430,1434550,775645
12/5/09,901734,1172254,1352603,5800,0,870,1421,423,996415,537480
12/6/09,991709,1289223,1487567,9850,0,1478,1006,325,1095838,597675
12/7/09,1205408,1567031,1808114,10450,0,1568,1196,675,1331976,717870
12/8/09,1190353,1547459,1785533,11450,0,1718,1141,598,1315340,718590
12/9/09,1106315,1438210,1659476,9050,0,1358,1048,343,1222477,659340
12/10/09,999061,1298781,1498595,6650,0,998,1227,410,1103963,599925
12/11/09,1088679,1415284,1633021,8600,0,1290,1385,615,1202991,660495
12/12/09,1003948,1305134,1505926,8450,0,1268,1359,595,1109363,600975
12/13/09,1016933,1322013,1525401,6500,0,975,1044,545,1123709,601475
12/14/09,1194376,1552689,1791566,13500,0,2025,1495,628,1319784,722430
12/15/09,1198113,1557549,1797173,11950,0,1793,1375,403,1323915,723150
12/16/09,907988,1180384,1361983,6850,0,1028,1185,335,1003327,542835
12/17/09,1199122,1558859,1798685,8200,0,1230,1218,503,1325030,724410
12/18/09,1011821,1315368,1517735,12300,0,1845,1020,528,1118063,604225
12/19/09,1190905,1548177,1786360,11900,0,1785,1171,465,1315952,725730
12/20/09,1211240,1574614,1816864,10900,0,1635,1208,663,1338420,726450
12/21/09,1202458,1563196,1803690,12550,0,1883,1449,435,1328716,727170
12/22/09,997647,1296942,1496473,8050,0,1208,1284,278,1102400,606525
12/23/09,902261,1172939,1353394,6700,0,1005,1151,590,996998,546300
12/24/09,1091820,1419367,1637731,10050,0,1508,1455,370,1206461,668250
12/25/09,1198648,1558242,1797976,10550,0,1583,1003,0,1324505,729690
12/26/09,996591,1295569,1494890,9300,0,1395,1272,0,1101231,608625
12/27/09,1298889,1688557,1948336,13250,0,1988,1396,0,1435271,791960
12/28/09,1100986,1431283,1651483,8700,0,1305,1104,0,1216590,670780
12/29/09,913403,1187424,1370107,5550,0,833,1482,0,1009310,549270
12/30/09,1186070,1541893,1779108,11800,0,1770,1362,0,1310608,732990
12/31/09,997089,1296216,1495635,7400,0,1110,1487,0,1101782,611375